@misc{Cite1,
	title  = "Speculative {T}or {A}ttacks",
	author = "Whonix et al",
	url    = "https://www.whonix.org/wiki/Speculative_Tor_Attacks",
	year   = "2020 (accessed October 4, 2020)"
}

@misc{Cite2,
	title  = "The {T}or {B}rowser: {W}hat is it and why would you use it?",
	author = "Tove Marks",
	url    = "https://vpnoverview.com/privacy/anonymous-browsing/tor/",
	year   = "2020 (accessed September 7, 2020)"
}

@book{Cite3,
	author    = {Hannes Federrath}, 
	title     = {Designing Privacy Enhancing Technologies},
	publisher = {Springer, Berlin, Heidelberg},
	year      = 2001,
	address   = {Berkeley, CA, USA},
	month     = 2,
	note      = {pages 98-99},
	isbn      = {978-3-540-41724-8}
}

@inproceedings {Cite4,
	author = {Yixin Sun and Anne Edmundson and Laurent Vanbever and Oscar Li and Jennifer Rexford and Mung Chiang and Prateek Mittal},
	title = {{RAPTOR}: Routing Attacks on Privacy in Tor},
	booktitle = {24th {USENIX} Security Symposium ({USENIX} Security 15)},
	year = {2015},
	isbn = {978-1-939133-11-3},
	address = {Washington, D.C.},
	pages = {271--286},
	url = {https://www.usenix.org/conference/usenixsecurity15/technical-sessions/presentation/sun},
	publisher = {{USENIX} Association},
	month = aug,
}

@article{Cite5,
  title={Attacking Tor: how the NSA targets usersâ€™ online anonymity},
  author={Schneier, Bruce},
  journal={The Guardian},
  volume={4},
  pages={7},
  year={2013}
}

@article{Cite6,
  author    = {Milad Nasr and
               Alireza Bahramali and
               Amir Houmansadr},
  title     = {DeepCorr: Strong Flow Correlation Attacks on Tor Using Deep Learning},
  journal   = {CoRR},
  volume    = {abs/1808.07285},
  year      = {2018},
  url       = {http://arxiv.org/abs/1808.07285},
  archivePrefix = {arXiv},
  eprint    = {1808.07285},
  timestamp = {Sun, 02 Sep 2018 15:01:54 +0200},
  biburl    = {https://dblp.org/rec/journals/corr/abs-1808-07285.bib},
  bibsource = {dblp computer science bibliography, https://dblp.org}
}

@article{Cite7,
  title={Comparison between normal and TOR-anonymized web client traffic},
  author={Li{\v{s}}ka, Tom{\'a}{\v{s}} and Sochor, Tom{\'a}{\v{s}} and Sochorov{\'a}, Hana},
  journal={Procedia-Social and Behavioral Sciences},
  volume={9},
  pages={542--546},
  year={2010},
  publisher={Elsevier}
}

@manual{Cite8,
	title  = "Detecting TOR Communication in Network Traffic",
	author = "Erik Hjelmvik",
	url    = "https://www.netresec.com/?page=Blog&month=2013-04&post=Detecting-TOR-Communication-in-Network-Traffic",
	year   = "2020 (accessed October 7, 2020)"
}

@manual{Cite9,
	title  = "How To Use Tor Browser: Everything You MUST Know",
	author = "Katie Kasunic",
	url    = "https://www.vpnmentor.com/blog/tor-browser-work-relate-using-vpn/",
	year   = "2020 (accessed October 17, 2020)"
}

@manual{Cite10,
	title  = "How Tails Works",
	url    = "https://tails.boum.org/about/index.en.html",
	year   = "2020 (accessed October 18, 2020)"
}

@manual{Cite11,
	title  = "Tor Browser Leaks Secure Cookies Into Insecure Backend Channels",
	url    = "https://github.com/alecmuffett/eotk/blob/master/docs.d/security-advisories.d/001-torbrowser.md",
	year   = "2020 (accessed October 27, 2020)"
}

@inproceedings{chakravarty,
  title={On the effectiveness of traffic analysis against anonymity networks using flow records},
  author={Chakravarty, Sambuddho and Barbera, Marco V and Portokalidis, Georgios and Polychronakis, Michalis and Keromytis, Angelos D},
  booktitle={International conference on passive and active network measurement},
  pages={247--257},
  year={2014},
  organization={Springers}
}

@inproceedings{Cite12,
  title={Content and popularity analysis of Tor hidden services},
  author={Biryukov, Alex and Pustogarov, Ivan and Thill, Fabrice and Weinmann, Ralf-Philipp},
  booktitle={2014 IEEE 34th International Conference on Distributed Computing Systems Workshops (ICDCSW)},
  pages={188--193},
  year={2014},
  organization={IEEE}
}

@manual{Cite13,
	title  = "Court Throws out Lawsuit Against Tor for Providing Anonymous Routing",
	url    = "https://reason.com/volokh/2019/05/21/court-throws-out-lawsuit-against-tor-for-providing-anonymous-routing/",
	year   = "2019 (accessed Novemeber 3, 2020)"
}

@misc{Cite14,
	title  = "Best {O}perating {S}ystems for {A}nonymity: {C}omparing {T}itans",
	author = "David Balaban",
	url    = "https://hackernoon.com/best-operating-systems-for-anonymity-comparing-titans-3501fd5cba3b",
	year   = "2019 (accessed November 6, 2020)"
}

@manual{Cite15,
	title  = "Tor Project: Top Relays",
	url    = "https://metrics.torproject.org/rs.html#toprelays",
	year   = "2020 (accessed October 1, 2020)"
}

@manual{Cite16,
	title  = "Tor Project: Top Relay2",
	url    = "https://metrics.torproject.org/rs.html#toprelays",
	year   = "2020 (accessed October 1, 2020)"
}